%% This BibTeX bibliography file was created using BibDesk.
%% http://bibdesk.sourceforge.net/


%% Created for Daniel Esteban Morales Bondy at 2015-11-08 18:26:48 +0100 


%% Saved with string encoding Unicode (UTF-8) 



@webpage{insero,
	Date-Added = {2015-11-08 17:25:30 +0000},
	Date-Modified = {2015-11-08 17:26:43 +0000},
	Lastchecked = {08 Nov 2015},
	Title = {Insero Live Lab},
	Url = {http://inserolivelab.dk/en/}}

@article{pudjianto2007virtual,
	Author = {Pudjianto, D. and Ramsay, C. and Strbac, G.},
	Doi = {10.1049/iet-rpg:20060023},
	Issn = {1752-1416},
	Journal = {Renewable Power Generation, IET},
	Keywords = {distributed power generation;load flow;power generation economics;power plants;power system management;cost efficient integration;distributed energy resources;electricity cost;energy efficiency;optimal power flow algorithm;virtual power plant},
	Month = {March},
	Number = {1},
	Pages = {10-16},
	Title = {Virtual {P}ower {P}lant and {S}ystem {I}ntegration of {D}istributed {E}nergy {R}esources},
	Volume = {1},
	Year = {2007},
	Bdsk-Url-1 = {http://dx.doi.org/10.1049/iet-rpg:20060023}}

@misc{EnerginetAncillary,
	Author = {Energinet.dk},
	Date-Added = {2013-11-18 15:42:18 +0000},
	Date-Modified = {2013-11-18 15:50:39 +0000},
	Howpublished = {On-line},
	Month = {oct},
	Title = {Ancillary services to be delivered in {D}enmark - {T}ender conditions},
	Urldate = {2013-11-01},
	Year = {2012}}

@article{gross2001analysis,
	Author = {Gross, George and Lee, Jeong Woo},
	Journal = {Power Systems, IEEE Transactions on},
	Number = {3},
	Pages = {520--525},
	Publisher = {IEEE},
	Title = {Analysis of {L}oad {F}requency {C}ontrol {P}erformance {A}ssessment {C}riteria},
	Volume = {16},
	Year = {2001}}

@article{eto2010use,
	Author = {Eto, Joseph H and Undrill, John and Mackin, Peter and Daschmans, Ron and Williams, Ben and Haney, Brian and Hunt, Randall and Ellis, Jeff and Illian, Howard and Martinez, Carlos and O'Malley, Mark and Coughlin, Katie and LaCommare, Kristina H.},
	Journal = {Lawrence Berkeley National Laboratory},
	Title = {Use of frequency response metrics to assess the planning and operating requirements for reliable integration of variable renewable generation},
	Year = {2010}}

@article{entso1operational,
	Author = {{ENTSO-E, UCTE}},
	Journal = {Policy},
	Title = {Operational {H}andbook - {P}1-{B}},
	Year = {2009}}

@inproceedings{dittawit2014demand,
	Author = {Dittawit, Kornschnok and Aagesen, Finn Arve},
	Booktitle = {Innovative Smart Grid Technologies Conference Europe (ISGT-Europe), 2014 IEEE PES},
	Organization = {IEEE},
	Pages = {1--6},
	Title = {Demand side focused simulation platform for the evaluation of demand side management approaches},
	Year = {2014}}

@inproceedings{rahnama2014evaluation,
	Author = {Rahnama, Samira and Shafiei, S Ehsan and Stoustrup, Jakob and Rasmussen, Henrik and Bendtsen, Jan},
	Booktitle = {Proc. 19th IFAC Word Congress, Cape Town, South Africa},
	Title = {Evaluation of {A}ggregators for {I}ntegration of {L}arge-scale {C}onsumers in {S}mart {G}rid},
	Year = {2014}}

@inproceedings{bondy2014performance,
	Author = {Bondy, Daniel Esteban Morales and Costanzo, Giuseppe Tommaso and Heussen, Kai and Bindner, Henrik W},
	Booktitle = {Innovative Smart Grid Technologies Conference Europe (ISGT-Europe), 2014 IEEE PES},
	Organization = {IEEE},
	Pages = {1--6},
	Title = {Performance assessment of aggregation control services for demand response},
	Year = {2014}}

@inproceedings{halvgaard2012economic,
	Author = {Halvgaard, Rasmus and Poulsen, Niels Kj{\o}lstad and Madsen, Henrik and J{\o}rgensen, John Bagterp},
	Booktitle = {Innovative Smart Grid Technologies (ISGT), 2012 IEEE PES},
	Organization = {IEEE},
	Pages = {1--6},
	Title = {Economic {M}odel {P}redictive {C}ontrol for {B}uilding {C}limate {C}ontrol in a {S}mart {G}rid},
	Year = {2012}}

@inproceedings{costanzo2013coordination,
	Author = {Costanzo, Giuseppe Tommaso and Gehrke, Oliver and Bondy, Daniel Esteban Morales and Sossan, Fabrizio and Bindner, Henrik and Parvizi, Jacopo and Madsen, Henrik},
	Booktitle = {Innovative Smart Grid Technologies Europe (ISGT EUROPE), 2013 4th IEEE/PES},
	Organization = {IEEE},
	Pages = {1--5},
	Title = {A coordination scheme for {D}istributed {M}odel {P}redictive {C}ontrol: {I}ntegration of flexible {DER}s},
	Year = {2013}}

@article{su2012performance,
	Author = {Su, Wencong and Chow, Mo-Yuen},
	Journal = {Smart Grid, IEEE Transactions on},
	Number = {1},
	Pages = {308--315},
	Publisher = {IEEE},
	Title = {Performance evaluation of an {EDA}-based large-scale plug-in hybrid electric vehicle charging algorithm},
	Volume = {3},
	Year = {2012}}

@inproceedings{vrettos2015frequency,
	Author = {Vrettos, Evangelos and Ziras, Charalampos and Andersson, Goran},
	Booktitle = {PowerTech Conference, Eindhoven, Netherlands},
	Organization = {ETH Zurich},
	Pages = {1--6},
	Title = {Integrating {L}arge {S}hares of {H}eterogeneous {T}hermal {L}oads in {P}ower {S}ystem {F}requency {C}ontrol},
	Year = {2015}}

@techreport{ding2013development,
	Author = {Ding, Yi and Hansen, Lars Henrik and Cajar, Peder Dybdal and Brath, Poul and Bindner, Henrik W and Zhang, Chunyu and Nordentoft, Niels Christian},
	Title = {Development of a {DSO}-market on flexibility services},
	Year = {2013}}

@techreport{bondy2014powermax,
	Author = {Bondy, Daniel Esteban Morales and Thavlov, Anders},
	Institution = {DTU CEE},
	Title = {{FLECH} {P}ower{M}ax {S}ervice {R}equirement {S}pecification},
	Year = {2014}}

@book{makarov2008assessing,
	Author = {Makarov, Yuri V and Lu, Shuai and Ma, Jian and Nguyen, Tony B and {California Energy Commission} and others},
	Publisher = {Pacific Northwest National Laboratory},
	Title = {Assessing the value of regulation resources based on their time response characteristics},
	Year = {2008}}

@phdthesis{thavlov2015thesis,
title = {Power System Integration of Flexible Demand in the Low Voltage Network},
publisher = {Technical University of Denmark},
author = {Thavlov, Anders},
year = "2015"}
